<record><leader>00000cas a2200000 i 4500</leader><controlfield tag="001">8804690</controlfield><controlfield tag="008">820924d18511854inudn ne      0    0eng  </controlfield><datafield ind1=" " ind2=" " tag="010"><subfield code="a">sn 82006490 </subfield></datafield><datafield ind1=" " ind2=" " tag="040"><subfield code="a">DLC</subfield><subfield code="b">eng</subfield><subfield code="e">rda</subfield><subfield code="c">DLC</subfield><subfield code="d">NPX</subfield><subfield code="d">NPI</subfield><subfield code="d">DLC</subfield><subfield code="d">IUL</subfield><subfield code="d">OCLCF</subfield></datafield><datafield ind1="1" ind2=" " tag="029"><subfield code="a">AU@</subfield><subfield code="b">000025797612</subfield></datafield><datafield ind1=" " ind2=" " tag="042"><subfield code="a">pcc</subfield></datafield><datafield ind1=" " ind2=" " tag="043"><subfield code="a">n-us-in</subfield></datafield><datafield ind1="0" ind2="0" tag="050"><subfield code="a">Newspaper 7701-X</subfield></datafield><datafield ind1="0" ind2=" " tag="130"><subfield code="a">Daily Madisonian (Madison, Ind. : 1851)</subfield></datafield><datafield ind1="0" ind2="4" tag="245"><subfield code="a">The daily Madisonian.</subfield></datafield><datafield ind1="0" ind2="3" tag="246"><subfield code="a">Madisonian</subfield></datafield><datafield ind1=" " ind2="1" tag="264"><subfield code="a">Madison, Ind. :</subfield><subfield code="b">William &amp; E. Culley,</subfield><subfield code="c">1851-</subfield></datafield><datafield ind1=" " ind2=" " tag="300"><subfield code="a">volumes :</subfield><subfield code="b">illustrations (chiefly advertisements) ;</subfield><subfield code="c">56-69 cm</subfield></datafield><datafield ind1=" " ind2=" " tag="310"><subfield code="a">Daily (except Sunday)</subfield></datafield><datafield ind1=" " ind2=" " tag="336"><subfield code="a">text</subfield><subfield code="b">txt</subfield><subfield code="2">rdacontent</subfield></datafield><datafield ind1=" " ind2=" " tag="337"><subfield code="a">unmediated</subfield><subfield code="b">n</subfield><subfield code="2">rdamedia</subfield></datafield><datafield ind1=" " ind2=" " tag="338"><subfield code="a">volume</subfield><subfield code="b">nc</subfield><subfield code="2">rdacarrier</subfield></datafield><datafield ind1="0" ind2=" " tag="362"><subfield code="a">Volume 1, number 1 (July 26, 1851)-</subfield></datafield><datafield ind1="1" ind2=" " tag="362"><subfield code="a">Ceased in 1854.</subfield><subfield code="z">Cf. Miller, J.W.  Ind. newspaper bibl.</subfield></datafield><datafield ind1=" " ind2=" " tag="500"><subfield code="a">Publishers: Michael G. &amp; Jesse Bright, 1851; R. Doolittle, 1851-&lt;1852&gt;; William &amp; E. Culley, &lt;1854&gt;.</subfield></datafield><datafield ind1=" " ind2=" " tag="500"><subfield code="a">"Democratic."</subfield></datafield><datafield ind1=" " ind2=" " tag="500"><subfield code="a">Editors: R.S. Sprolle, &lt;1852&gt;; Rolla Doolittle, 1851-&lt;1852&gt;; William &amp; E. Culley, &lt;1854&gt;.</subfield></datafield><datafield ind1=" " ind2=" " tag="500"><subfield code="a">Title from masthead.</subfield></datafield><datafield ind1=" " ind2=" " tag="580"><subfield code="a">Published also in a weekly edition: 1851-&lt;1853 or 1854&gt;, The Weekly Madisonian; &lt;1853 or 1854&gt;, The Madisonian.</subfield></datafield><datafield ind1=" " ind2=" " tag="588"><subfield code="a">Latest issue consulted: Volume II, number 54 (September 25, 1852); U.S. Newspaper Archive (viewed June 9, 2017).</subfield></datafield><datafield ind1=" " ind2="0" tag="651"><subfield code="a">Madison (Ind.)</subfield><subfield code="v">Newspapers.</subfield></datafield><datafield ind1=" " ind2="0" tag="651"><subfield code="a">Jefferson County (Ind.)</subfield><subfield code="v">Newspapers.</subfield></datafield><datafield ind1=" " ind2="7" tag="651"><subfield code="a">Indiana</subfield><subfield code="z">Jefferson County.</subfield><subfield code="2">fast</subfield><subfield code="0">(OCoLC)fst01232953</subfield></datafield><datafield ind1=" " ind2="7" tag="651"><subfield code="a">Indiana</subfield><subfield code="z">Madison.</subfield><subfield code="2">fast</subfield><subfield code="0">(OCoLC)fst01237191</subfield></datafield><datafield ind1=" " ind2="7" tag="655"><subfield code="a">Newspapers.</subfield><subfield code="2">fast</subfield><subfield code="0">(OCoLC)fst01423814</subfield></datafield><datafield ind1=" " ind2=" " tag="752"><subfield code="a">United States</subfield><subfield code="b">Indiana</subfield><subfield code="c">Jefferson</subfield><subfield code="d">Madison.</subfield></datafield><datafield ind1="1" ind2=" " tag="775"><subfield code="t">Weekly Madisonian (Madison, Ind.)</subfield><subfield code="w">(DLC)sn 85048030</subfield><subfield code="w">(OCoLC)12488399</subfield></datafield><datafield ind1="1" ind2=" " tag="775"><subfield code="t">Madisonian (Madison, Ind.)</subfield><subfield code="w">(DLC)sn 85048031</subfield><subfield code="w">(OCoLC)12488572</subfield></datafield><datafield ind1="4" ind2="1" tag="856"><subfield code="u">https://access.newspaperarchive.com/us/indiana/madison/madison-daily-madisonian/</subfield></datafield></record>